@ARTICLE{vestnikVGAVT2,
  author = {Кочеганов, В.М. and Зорин, А.В.},
  title = {Достаточное условие существования стационарного режима низкоприоритетной очереди в тандеме систем массового обслуживания},
  journal = {Вестник Волжской государственной академии водного транспорта},
  year = {2017},
  number = {50},
  pages = {47--55},
  language = {russian},
}



@ARTICLE{vestnikTvGU,
  author = {Кочеганов, В.М. and Зорин, А.В.},
  title = {Достаточное условие существования стационарного режима очередей первичных требований в тандеме систем массового обслуживания},
  journal = {Вестник ТвГУ. Серия: Прикладная математика},
  year = {2018},
  number = {2},
  pages = {49--74},
  language = {russian},
}

@ARTICLE{UBS,
  author = {Кочеганов, В.М. and Зорин, А.В.},
  title = {Статистический анализ и оптимизация тандема
систем массового обслуживания в классе циклических алгоритмов с продлением},
  journal = {Управление Большими Системами: сборник трудов},
  year = {2019},
  number = {78},
  pages = {122--148},
  language = {russian},
}

@ARTICLE{vestnikSGU,
  author = {Кочеганов, В.М.},
  title = { Классификация состояний марковской цепи в модели тандема с циклическим управлением с продлением},
  journal = {Известия Саратовского университета. Новая серия. Серия Математика. Механика. Информатика},
    year = {2020},
    volume = {20},
  number = {2},
  pages = {257--265},
  language = {russian},
}



@inproceedings{MKSM2019,
  author = {Кочеганов, В.М.},
  title = {Анализ тандема систем
массового обслуживания с циклическим управлением с продлением},
  booktitle = {\textit{Теория вероятностей и ее применения}},
  publisher = {Наука},
  address  = {М.},
  year = {2020},
  pages = {169--170},
  language = {russian},
  volume = {65},
  issue = {1},
}

















