@inproceedings{Minsk2015,
  author = {Кочеганов, В.М. and Зорин, А.В.},
  title = {Вероятностная модель тандема систем массового обслуживания с циклическим управлением с продлением},
  booktitle = {\textit{Теория вероятностей, случайные процессы, математическая статистика и приложения. Материалы Международной научной конференции}},
  publisher = {РИВШ},
  address  = {Минск},
  year = {2015},
  pages = {94--99},
  language = {russian},
}

@inproceedings{Dm2015,
  author = {Кочеганов, В.М. and Зорин, А.В.},
  title = {Дискретная модель колебания длины низкоприоритетной очереди в тандеме систем массового обслуживания при циклическом алгоритме с продлением},
  booktitle = {\textit{IX Международная конференция <<Дискретные модели в теории управляющих систем>>: Москва и Подмосковье, 20-22 мая 2015 г.: Труды / Отв. ред. В.Б. Алексеев, Д.С. Романов, Б.Р. Данилов}},
  publisher = {МАКС Пресс},
  address  = {М},
  year = {2015},
  pages = {126--129},
  language = {russian},
}


% Этой статьи почему-то нет в РИНЦ !!!!
@inproceedings{DCCN2015,
  author = {Kocheganov, V.M. and Zorine, A.V.},
  title = {Low-priority queue Fluctuations in Tandem of Queuing Systems Under Cyclic Control with Prolongations },
  booktitle = {\textit{Распределенные компьютерные и телекоммуникационные сети: управление, вычисление, связь  (DCCN-2015). Материалы Восемнадцатой международной научной конференции}},
  publisher = {ИПУ РАН},
  address  = {М.},
  year = {2015},
  pages = {136--143},
  language = {russian},
}



% Этой статьи почему-то нет в РИНЦ !!!!
@inproceedings{DCCN2016:3,
  author = {Kocheganov, V.M. and Zorine, A.V.},
  title = {Low-priority queue and server's steady-state existence in a tandem under prolongable cyclic service },
  booktitle = {\textit{	Распределенные компьютерные и телекоммуникационные сети: управление, вычисление, связь (DCCN-2016). Материалы Девятнадцатой международной научной конференции: в 3 томах, под общей редакцией В. М. Вишневского и К. Е. Самуйлова}},
  publisher = {РУДН},
  address  = {М.},
  year = {2016},
  pages = {232--239},
  language = {russian},
}

@inproceedings{Penza2017,
  author = {Кочеганов, В.М. and Зорин, А.В.},
  title = { Изучение процесса управления потоками первичных требований в тандеме систем обслуживания с циклическим алгоритмом с продлением},
  booktitle = {\textit{Проблемы теоретической кибернетики: XVIII международная конференция (Пенза, 19-23 июня 2017г.). Материалы: Под редакцией Ю.И. Журавлева}},
  publisher = {МАКС Пресс},
  address  = {М.},
  year = {2017},
  pages = {135-137},
  language = {russian},
}


@inproceedings{Tomsk2017,
  author = {Кочеганов, В.М. and Зорин, А.В.},
  title = {Анализ потоков первичных требований в тандеме при циклическом управлении с продлением},
  booktitle = {\textit{Информационные технологии и математическое моделирование (ИТММ-2017). Материалы XVI Международной конференции имени А.Ф. Терпугова (29 сентября - 3 октября 2017 г.)}},
  publisher = {Изд-во НТЛ},
  address  = {Томск},
  year = {2017},
  volume = {1},
  pages = {81--87},
  language = {russian},
}

@inproceedings{DCCN2017,
  author = {Kocheganov, V.M. and Zorine, A.V.},
  title = {Primary input flows in a tandem under prolongable cyclic service},
  booktitle = {\textit{	Распределенные компьютерные и телекоммуникационные сети: управление, вычисление, связь (DCCN-2017). Материалы Двадцатой международной научной конференции, под общ. ред. В.М. Вишневского}},
  publisher = {ТЕХНОСФЕРА},
  address  = {М.},
  year = {2017},
  pages = {517--525},
  language = {english},
}

@inproceedings{ORM2018,
  author = {Kocheganov, V. and Zorine, A.},
  title = {Asymptotic properties of service and control operations in tandem systems with cyclic algorithms with prolongation},
  booktitle = {\textit{IX Moscow International Conference on Operations Research (ORM-2018)}},
  volume = {1},
  year = {2018},
  pages = {337--342},
  language = {english},
}

@inproceedings{ITMM2019,
  author = {Кочеганов, В.М.},
  title = {Классификация состояний марковской цепи
в модели тандема с циклическим управлением
с продлением},
  booktitle = {\textit{Информационные технологии и математическое моделирование (ИТММ-2019). Материалы XVIII Международной конференции имени А.Ф. Терпугова (26 июня -- 30 июня 2019 г.)}},
  publisher = {Изд-во НТЛ},
  address  = {Томск},
  year = {2019},
  part = {2},
  pages = {195--200},
  language = {russian},
}

