% ГОСТ Р 7.0.11-2011, Приложение Б, Книги
% ГОСТ Р 7.0.11-2011, Приложение Б, Статьи
@BOOK{Pollaczek:1934,
  author = {Поллачек, Ф.},
  title = {Стохастические системы обслуживания},
  address = {М.},
  publisher = {Наука},
  year = {1966},
  numpages = {244},
  language = {russian}
}

@BOOK{Borovkov,
	author = {Боровков, А.А.},
	title = {Вероятностные процессы в теории массового обслуживания},
	address = {М.},
	publisher = {Наука},
	year = {1972},
	numpages = {368},
	language = {russian}
}

@BOOK{Bocharov:1995,
	author = {Бочаров, П.П. and Печинкин, А.В.},
	title = {Теория массового обслуживания},
	address = {М.},
	publisher = {Издательство РУДН},
	year = {1995},
	numpages = {529},
	language = {russian}
}

@BOOK{GnedenkoKovalenko,
	author = {Гнеденко, Б.В. and Коваленко, И.Н.},
	title = {Введение в теорию массового обслуживания},
	edition = {6-е изд.},
	address = {М.},
	publisher = {Издательство ЛКИ},
	year = {2013},
	numpages = {400},
	language = {russian}
}

@BOOK{Gnedenko,
	author = {Гнеденко, Б.В.},
	title = {Курс теории вероятностей},
	address = {М.},
	publisher = {Издательство ЛКИ},
	year = {2007},
	numpages = {448},
	language = {russian}
}

@BOOK{Taha,
	author = {Таха, Х.А.},
	title = {Введение в исследование операций},
	edition = {7-е изд.},
	address = {М.},
	publisher = {Вильямс},
	year = {2005},
	numpages = {901},
	language = {russian}
}

@BOOK{Carter,
	author = {Carter M.W., Price C.C. },
	title = {Operations research: a practical introduction},
	address = {Boca Raton},
	publisher = {CRC Press},
	year = {2001},
	numpages = {416},
	language = {english}
}
%Hamdy A. Taha is a University Professor of Industrial Engineering with the University of Arkansas, where he teaches and conducts research in operations research and simulation. He is the author of three other books on integer programming and simulation, and his works have been translated into Chinese, Korean, Spanish, Japanese, Russian, Turkish, and Indonesian. He is also the author of several book chapters. His articles have appeared in Management Science, Operations Research, and Interfaces Institute for Operations Research and Management Science, Naval Research Logistics John Wiley & Sons, the European Journal of Operations Research International Federation of Operations Research Societies and the AIIE Transactions. Professor Taha was named a Senior Fulbright Scholar to Carlos III University, Madrid, Spain. He received an Alumni Award for excellence in research and The Nadine Baum Faculty Teaching Award, both from the University of Arkansas, and numerous other research and teaching awards from the College of Engineering, University of Arkansas. He is fluent in three languages and has held positions in Mexico and the Middle East.

@BOOK{Murthy,
	author = {Murthy R.P.},
	title = {Operations research},
	publisher = {New Age International Publishers},
	year = {2007},
	numpages = {705},
	language = {english}
}

@BOOK{Hillier,
	author = {Hillier F.S., Lieberman G.J.},
	edition = {9th ed.},
	title = {Introduction to operations research},
	publisher = {McGraw-Hill},
	year = {2010},
	numpages = {1047},
	language = {english}
}
%Hiller and Lieberman bio see in their book

@BOOK{Encylc,
	author = {Gass S. I., M. C. Fu},
	edition = {3rd ed.},
	title = {Encyclopedia of operations research and management science},
	publisher = {Springer},
	year = {2013},
	numpages = {1641},
	language = {english}
}

@BOOK{Ventcel,
	author = {Вентцель Е.С.},
	title = {Исследование операций. Задачи, принципы, методология },
	address = {М.},
	publisher = {Наука},
	year = {1988},
	numpages = {208},
	language = {russian}
}

@BOOK{Eltarenko,
	author = {Елтаренко Е.А.},
	title = {Исследование операций (системы массового обслуживания, теория игр, модели управления запасами) },
	address = {М.},
	publisher = {МИФИ},
	year = {2007},
	numpages = {157},
	language = {russian}
}

@BOOK{KoksSmith,
  author = {Кокс, Д.Р. and Смит, У.Л.},
  title = {Теория очередей},
  address = {М.},
  publisher = {Мир},
  year = {1966},
  numpages = {218},
  language = {russian}
}



@ARTICLE{Kovalenko:1963,
  author = {Коваленко, И.Н.},
  title = {Теория массового обслуживания},
  journal = {Итоги науки. Серия Теория вероятностей},
  year = {1963},
  note = {М.: ВИНИТИ},
  pages = {73--125},
   language = {russian}
}

@BOOK{asmussen,
  author = {Asmussen, S.},
  title = {Applied probability and queues},
  address = {N.Y.},
  publisher = {Springer},
  edition = {2nd},
  year = {2003},
  numpages = {438},
  language = {english}
}

@BOOK{Kalashnikov,
  author = {Kalashnikov, V.V.},
  title = {Mathematical methods in queueing theory},
  address = {Dordrecht},
  publisher = {Kluwer},
  year = {1994},
  numpages = {377},
  language = {english}
}

@BOOK{ivnickii,
  author = {Ивницкий, В.А.},
  title = {Теория сетей массового обслуживания},
  address = {М.},
  publisher = { Изд-во Физико-математической литературы},
  year = {2004},
  numpages = {772},
  language = {russian}
}


@ARTICLE{jackson,
  author = {Jackson, J.R.},
  title = {Networks of waiting lines},
  journal = {Operations research},
  year = {1957},
    volume = {5},
      number = {4},
  pages = {518--521},
   language = {english}
}


@ARTICLE{reich,
  author = {Reich, E.},
  title = { Waiting times when queues are in tandem},
  journal = {The annals of mathematical statistics},
  year = {1957},
    volume = {28},
       number = {3},
  pages = {768--773},
   language = {english}
}

@ARTICLE{dudin:2011,
  author = { Дудин, С.А.},
  title = { Модель функционирования колл-центра как система $MAP/PH/N/R-N$ с нетерпеливыми запросами},
  journal = {Проблемы передачи информации},
  year = {2011},
    volume = {47},
       number = {4},
  pages = {68--83},
   language = {russian}
}

@ARTICLE{farhadov,
  author = { Фархадов, М.П. and   Петухова, Н.В. and  Ефросинин, Д.В. and Семенова, О.В.},
  title = { Двухфазная модель с неограниченными очередями для расчёта характеристик и оптимизации речевых порталов самообслуживания},
  journal = {Проблемы управления},
  year = {2010},
       number = {6},
  pages = {53--57},
   language = {russian}
}

@BOOK{Haight:1963,
  author = {Haight, F.A. },
  title = { Mathematical theories of traffic flow},
  address = { New York},
  publisher = { Academic press},
  year = {1963},
  numpages = {241},
  language = {english}
}


@ARTICLE{haidemann,
  author = {Heidemann, D. and Wegmann, H.},
  title = { Queueing at unsignalized intersections},
  journal = {Transportation research part B: methodological},
  year = {1997},
  volume = {31},
  number = {3},
  pages = {239--263},
   language = {english}
}

@ARTICLE{raghavan,
  author = {Raghavan, N.R.S. and Viswanadham, N.},
  title = {Generalized queueing network analysis of integrated supply chains},
  journal = {International journal of production research},
  year = {2001},
  volume = {39},
  number = {2},
  pages = {205--224},
   language = {english}
}

@ARTICLE{rogiest,
  author = {Rogiest, W.  and Morozov, E. and Fiems, D. and Laevens, K. and Bruneel, H.},
  title = {Stability of single-wavelength optical buffers},
  journal = {European transactions on telecommunications},
  year = {2010},
  volume = {21},
  number = {3},
  pages = {202--212},
   language = {english}
}

@BOOK{Kolmogorov:1974,
  author = {Колмогоров, А.Н.},
  title = {Основные понятия теории вероятностей},
  address = {М.},
  publisher = {Наука},
  year = {1974},
  numpages = {120},
  language = {russian}
}

@ARTICLE{Fedotkin:1996,
  author = {Федоткин, М. А.},
  title = {Процессы обслуживания и управляющие системы},
  journal = {Математические вопросы кибернетики},
  address = {М.},
  publisher = {Наука},
  year = {1996},
  volume = {6},
  pages = {51--70},
   language = {russian}
}



@ARTICLE{fedotkin:1998,
  author = {Федоткин, М.А.},
  title = {Нелокальный способ задания управляемых случайных процессов},
  journal = { Математичекие вопросы кибернетики. Вып. 7: Сборник статей, под ред. С.В.~Яблонского},
    address = {М.},
  publisher = {Наука},
  year = {1998},
  pages = {333--344},
   language = {russian}
}


@ARTICLE{afanasyeva,
  author = { Афанасьева, Л.Г. and Ткаченко, А.},
  title = {Многоканальные системы обслуживания с регенерирующим входящим потоком},
  journal = {Теория вероятностей и её применения},
  volume = {58},
  number = {2},
  year = {2013},
  pages = {210--234},
   language = {russian}
}

@ARTICLE{tatashev,
  author = {Таташев, А.Г. },
  title = {Система массового обслуживания с переменной интенсивностью входного потока},
  journal = {Автоматика и телемеханика},
  number = {12},
  year = {1995},
  pages = {78--84},
   language = {russian}
}

@ARTICLE{brumelle,
  author = { Brumelle, S.L.},
  title = {Mathematics of operations research},
  year = {1978},
  volume = {3},
  number = {1},
  pages = {10--16},
   language = {english}
}

@ARTICLE{dudin:1997,
  author = {Дудин, А.Н. and Клименок, В.И.},
  title = {Расчёт характеристик однолинейной системы обслуживания, функционирующей в марковской синхронной случайной среде },
  journal = {Автоматика и телемеханика},
  year = {1997},
number = {1},
pages = {74--84},
   language = {english}
}

@BOOK{Grandell:1976,
  author = {Grandell, J. },
  title = {Doubly stochastic Poisson processes},
  series = {Lecture Notes in Mathematics},
  publisher = {Springer-Verlag Berlin Heidelberg},
  year = {240},
  numpages = {234},
  language = {english}
}



@ARTICLE{Neuts:1979,
  author = {Neuts, M. F.},
  title = {A queue subject to extraneous phase change},
  journal = {Advances in applied probability},
  year = {1971},
volume = {3},
number = {1},
pages = {78--119},
   language = {english}
}

@BOOK{fallin,
  author = {Falin, G. and Templeton, G.C.},
  title = {Retrial queues},
  address = {London},
  publisher = {CRC Press},
  year = {1997},
  numpages = {320},
  language = {english}
}

@ARTICLE{Darroch:1964,
  author = {Darroch, J. N.},
  title = {On the traffic-light queue},
  journal = {Ann. Math. Statistics},
  year = {1964},
  volume = {35},
  number = {1},
  pages = {380--388},
   language = {english}
}


@ARTICLE{Neimark:1966,
  author = {Неймарк, Ю. И. and Федоткин, М. А.},
  title = {О работе автомата, регулирующего уличное движение на перекрестке},
  journal = {Автомат. и телемех},
  year = {1966},
  volume = {27},
  number = {3},
  pages = {78--87},
   language = {russian}
}

@ARTICLE{Neimark:1985,
  author = {Неймарк, Ю. И. and Шварц Я.Л.},
  title = {Управление движением на транспортном узле с упреждающей информацией о потоках автомашин},
  journal = {Автоматика и телемеханика},
  number = {3},
  year = {1985},
  pages = {89--97},
  language = {russian}
}

@ARTICLE{Neimark:1968,
  author = {Неймарк, Ю. И. and Преображенская, А. М. and  Федоткин, М. А.},
  title = {Работа автомата с обратной связью, управляющего уличным движением на перекрестке},
  journal = {Изв. АН СССР, Техническая кибернетика},
  year = {1968},
  number = {5},
  pages = {129--141},
   language = {russian}
}

@ARTICLE{Fedotkin:1976,
  author = {Федоткин, М. А.},
  title = {О существовании эргодического распределения в системе с переменной структурой обслуживания конфликтных потоков},
  journal = {Теория вероятн. и ее примен.},
  volume = {21},
  number = {4},
    year = {1976},
  pages = {792--801},
   language = {russian}
}

@ARTICLE{Ferguson:1985,
  author = {Ferguson, М.J. and Aminetzah, Y.J.},
  title = {Exact results for nonsymmetric token ring systems},
  journal = {IEEE Transactions on Communications},
  year = {1985},
  volume = {33},
  number = {3},
  pages = {223--231},
   language = {english}
}

@ARTICLE{Takagi:1985,
  author = {Takagi, H.},
  title = {Mean message waiting times in symmetric multiqueue systems with cyclic
service},
  journal = {Performance Evaluation},
  year = {1985},
  volume = {5},
  number = {4},
  pages = {271--277},
   language = {english}
}

@ARTICLE{Yakushev:1990,
  author = {Якушев, Ю.Ф.},
  title = {Об оптимальном обслуживании конфликтных потоков},
  journal = { Теория вероятн. и ее примен},
  volume = {35},
  number = {1},
    year = {1990},
  pages = {161--167},
   language = {russian}
}


@ARTICLE{Balsamo,
  author = {Balsamo, S. and Persone, V.D.N. and Inverardi, P.},
  title = {A review on queueing network
models with finite capacity queues for software architectures performance prediction},
  journal = {Performance Evaluation},
  volume = {51},
    year = {2003},
  pages = {269--288},
   language = {english}
}


@BOOK{GnedenkoKonig,
  author = {Gnedenko, B.W. and Konig, D.},
  title = {Handbuch der Bedienungstheorie},
  publisher = {Akademie Verlag},
  address = {Berlin},
  year = {1983},
  numpages = {519},
  language = {english}
}

@ARTICLE{Gomez:1,
  author = {Gomez-Corral, A.},
  title = { A matrix-geometric approximation for tandem queues with
blocking and repeated attempts},
  journal = {Operations Research Letters},
  volume = {30},
    year = {2002},
  pages = {360--374},
   language = {english}
}

@ARTICLE{Gomez:2,
  author = {Gomez-Corral, A.},
  title = { A tandem queue with blocking and Markovian arrival process},
  journal = {Queueing Systems},
  volume = {41},
    year = {2002},
  pages = {343--370},
   language = {english}
}
@ARTICLE{Gomez:3,
  author = {Gomez-Corral, A.},
  title = {On a tandem G-network with blocking},
  journal = {Advances in Applied
Probability},
  volume = {34},
  number = {3},
    year = {2002},
  pages = {626--661},
   language = {english}
}
@ARTICLE{KlimenokDudin:2005,
  author = {Klimenok, V.I. and Breuer, L. and Tsarenkov, G.V. and Dudin, A.N.},
  title = {The $BMAP/G/1/N \to PH/1/M$ system with losses},
  journal = {Performance Evaluation},
  volume = {61},
    year = {2005},
  pages = {17--40},
   language = {english}
}

@ARTICLE{KlimenokDudin:2004,
  author = {Бройер, Л. and Дудин, А.Н. and Клименок, В.И. and Царенков~Г.В.},
  title = {Двухфазная система $BMAP|G|1|N \to PH|1|M-1$ с блокировкой },
  journal = {Автомат. и телемех.},
  number = {1},
    year = {2004},
  pages = {117--130},
   language = {russian}
}

@ARTICLE{Klimenok:2010,
  author = {Клименок, В.И. and Тарамин, О.С.},
  title = {Двухфазная система обслуживания с групповым марковским потоком и повторными вызовами },
  journal = {Автомат. и телемех.},
  number = {1},
    year = {2010},
  pages = {3--17},
   language = {russian}
}
@ARTICLE{Klimenok:2011,
  author = {Клименок, В.И. and Тарамин, О.С.},
  title = {Двухфазная система $GI/PH/1 \to /PH/1/0GI/PH/1 \to /PH/1/0$ с потерями},
  journal = {Автомат. и телемех.},
  number = {5},
    year = {2011},
  pages = {113--126},
   language = {russian}
}

@ARTICLE{Klimenok:2015,
  author = {Клименок, В.И. and Савко, Р.Ч. },
  title = {Двухфазная система с повторными попытками и нетерпеливостью запросов},
  journal = {Автомат. и телемех.},
  number = {8},
    year = {2015},
  pages = {78--93},
   language = {russian}
}
@BOOK{Drew:1968,
  author = {Drew, D.R.},
  title = {Traffic Stream Theory and Control},
  publisher = {McGraw-Hill},
  address = {New York:},
    year = {1968},
  pages = {467},
   language = {english}
}

@BOOK{Inose,
  author = {Inose, H. and Hamada, T.},
  title = {Road Traffic Control},
  publisher = {University of Tokyo Press},
    year = {1975},
  pages = {331},
   language = {english}
}
 
 


@ARTICLE{Bailey:1957,
  author = {Bailey, N. T. J.},
  title = {Operational research in hospital planning and design},
  journal = {Operat. Res. Quart},
  year = {1957},
  volume = {8},
  number = {3},
  pages = {149--157},
   language = {english}
}

@ARTICLE{Flagle:1962,
  author = {Flagle, C. D.},
  title = {Operations reseanch in the health services},
  journal = {Operat. Res},
  year = {1962},
  volume = {10},
  number = {5},
  pages = {591--603},
   language = {english}
}

@ARTICLE{Buslenko:1968,
  author = {Бусленко, Н. П. and Черенков, А. П.},
  title = {Применение методов теории массового обслуживания при исследовании операций},
  journal = {Итоги науки. Сер. Теор. вероятн. Мат. стат. Теор. кибернет},
  year = {1968, 1970},
  pages = {69--110},
   language = {russian}
}

@ARTICLE{Rykov:1975,
  author = {Рыков, В. В.},
  title = {Управляемые системы массового обслуживания},
  journal = {Итоги науки и техн. Сер. Теор. вероятн. Мат. стат. Теор. кибернет},
  year = {1975},
volume = {12},
  pages = {43--153},
   language = {russian}
}

@ARTICLE{BronshteinRykov,
	author = {Бронштейн, О. И. and Рыков, В. В.},
	title = {Об оптимальных дисциплинах обслуживания в управляющих системах}, 
  address = {М.},
   journal = {Управление производством: Тр. III Всесоюзного совещания по автоматическому управлению (техническая кибернетика)},
  year = {1967},
   pages = {215--224},
   language = {russian}
}

@ARTICLE{VerbickyRykov,
	author = {Вербицкий, С.Н. and Рыков, В.В.},
	title = {Численное исследование оптимальных политик управления скоростью обслуживания }, 
   journal = { Автомат. и телемех.},
  year = {1998},
  number = {11},
   pages = {59--70},
   language = {russian}
}

@ARTICLE{Solodyannikov,
	author = {Солодянников, Ю.В.},
	title = {Управление и наблюдение для динамических сетей массового обслуживания}, 
   journal = { Автомат. и телемех.},
  year = {2014},
  number = {3},
   pages = {14--45},
   language = {russian}
}

@ARTICLE{Motov,
	author = {Мотов, А.И.},
	title = {Критерий оптимального управления ресурсами сети массового обслуживания с гибкой структурой}, 
   journal = { Экономика и менеджмент систем управления},
  year = {2015},
  volume ={17},
  number = {3},
   pages = {71--77},
   language = {russian}
}

@ARTICLE{Teplicki:1968,
  author = {Теплицкий, М. Г.},
  title = {Об одной системе массового обслуживания с управляемым режимом работы прибора},
  journal = {Автоматика и вычисл. техн.},
  year = {1968},
  number = {2},
  pages = {36--42},
   language = {russian}
}

@ARTICLE{Teplicki:1969,
  author = {Теплицкий, М. Г.},
  title = {Об управляемых полумарковских процессах с конечным числом состояний и управлений},
  journal = {Автомат. и телемех},
  year = {1969},
  number = {10},
  pages = {45--53},
   language = {russian}
}

@ARTICLE{Fedotkin:1969,
  author = {Федоткин, М. А.},
  title = {Управление уличным движением на перекрестке автоматом с фикcированным ритмом переключения при периодическом случайном потоке прибывающих машин},
  journal = {Изв. АН СССР. Техн. кибернетика},
  year = {1969},
  number = {3},
  pages = {66--76},
   language = {russian}
}

@ARTICLE{Proidakova:2008,
  author = {Пройдакова, Е. В. and Федоткин, М. А.},
  title = {Управление выходными потоками в системе с циклическим обслуживанием и переналадками},
  journal = {Автомат. и телемех},
  year = {2008},
  number = {6},
  pages = {96--107},
   language = {russian}
}

@ARTICLE{Fedotkin:2014,
  author = {Федоткин, А. М. and Голышева, Н. М. and Сутягина, Н. И.},
  title = {Циклическое управление конфликтными потоками Гнеденко-Коваленко},
  journal = {Вестник Нижегородского университета им. Н.И. Лобачевского},
  year = {2014},
  number = {4(1)},
  pages = {382--387},
   language = {russian}
}

@ARTICLE{Kuvykina:1990,
  author = {Кувыкина, Е. В.},
  title = {Исследование систем управления конфликтными потоками Бартлетта в классе однородных алгоритмов с упреждением},
  journal = {Горький: ГГУ},
  year = {1990},
  numpages = {56},
  note = {Деп. в ВИНИТИ, № 2972-В90},
   language = {russian}
}

@ARTICLE{Kudelin:1996,
  author = {Куделин, А. Н. and Федоткин, М. А.},
  title = {Управление конфликтными потоками в случайной среде по информации о наличии очереди},
  journal = {Нижегородский государственный университет им. Н.И. Лобачевского, Н. Новгород},
  year = {1996},
  numpages = {22},
  note = {Деп. в ВИНИТИ, № 1717-В96},
   language = {russian}
}

@ARTICLE{Litvak:2000,
  author = {Литвак, Н. В. and Федоткин, М. А.},
  title = {Вероятностная модель адаптивного управления конфликтными потоками},
  journal = {Автомат. и телемех},
  year = {2000},
  number = {5},
  pages = {67--76},
   language = {russian}
}

@ARTICLE{Kabanov:74,
  author = {Кабанов, Ю. М. and Липцер, Р.Ш.},
  title = {Мартингальные методы в теории точечных процессов},
  journal = {Труды школы семинара по теории случайных процессов (Друскининкай, 1974), ч. II Под ред. А. Н. Ширяева.},
  publisher = {Ин-т физ. и матем. АН Лит. ССР Вильнюс},
  year = {1975},
  pages = {269--354},
  language = {russian}
}

@BOOK{Franken,
  author = {Франкен, П. and Кёниг, Д. and Арндт, У. and Шмидт, Ф.},
  title = {Очереди и точечные процессы},
  journal = {Математические вопросы кибернетики},
  publisher = {Наукова думка},
  address  = {Киев},
  year = {1984},
  numpages = {284},
  language = {russian}
}

@BOOK{Hinchin,
	author = {Хинчин, А. Я.},
	title = {Работы по математической теории массового обслуживания},
	edition = {Под ред., с предисл. и закл. ст. Б. В. Гнеденко. Изд. 3-е.},
	address = {М.},
	publisher = {Едиториал УРСС},
	year = {2009},
	numpages = {240},
	language = {russian}
}

@ARTICLE{Jagerman,
  author = {Jagerman, D. L. and Melamed, B. and Willinger, W.},
  title = {Stochastic modeling of traffic process},
  journal = {In: Frontiers in queueing: models and
applications in science and engineering, edited by J.H. Dshalalov},
address = {Boca Raton},
  publisher = {CRC Press},
  year = {1997},
  pages = {271--320},
  language = {english}
}

@ARTICLE{Fedotkin:81,
  author = {Федоткин, М. А.},
  title = {Неполное описание потоков неоднородных требований},
	edition = { В кн.: Теория массового обслуживания},
	address = {М.},
	publisher = {МГУ–ВНИИСИ},
	year = {1981},
	numpages = {113--118},
	language = {russian}
}
@ARTICLE{Bartlett,
  author = {Bartlett, M. S.},
  title = { The spectral analysis of point processes},
  journal = {Journal of Royal statistical society, Ser. B.},
number = {2},
  volume = {25},
  year = {1963},
  pages = {264--296},
  language = {english}
}

@ARTICLE{AfanasyevaBulinskaya:2010,
  author = {Афанасьева, Л.Г. and Булинская, Е.В.},
  title = { Математические модели транспортных систем, основанные на теории очередей},
  journal = {Труды Московского физико-технического института (государственного университета)},
number = {4},
  volume = {2},
  year = {2010},
  pages = {6--21},
  language = {russian}
}

@ARTICLE{AfanasyevaBulinskaya:2011,
  author = {Afanasyeva, L.G. and Bulinskaya, E.V.},
  title = {Stochastic models of transport flows},
  journal = {Communications in statistics — Theory and methods},
  volume = {40},
  year = {2011},
  pages = {2830--2846},
  language = {english}
}
@ARTICLE{AfanasyevaBulinskaya:2013:1,
  author = {Afanasyeva, L.G. and Bulinskaya, E.V.},
  title = {Asymptotic analysis of traffic lights performance under heavy traffic assumption},
  journal = {Methodology and Computing in Applied Probability, Springer},
  volume = {15},
  number = {4},
  year = {2013},
  pages = {935--950},
  language = {english}
}
@ARTICLE{AfanasyevaBulinskaya:2013:2,
  author = {Afanasyeva, L.G. and Bulinskaya, E.V.},
  title = {Estimation of transport systems capacity},
  journal = {Springer-Verlag Berlin, Heidelberg},
  year = {2013},
  pages = {63--77},
  language = {english}
}

@ARTICLE{Yamada,
  author = {Yamada, K. and Lam, T.N.},
  title = {Simulation analysis of two adjacent traffic signals },
  journal = {Proceedings of the 17th winter simulation conference},
  address = {New York},
  publisher={ACM},
  year = {1985},
  pages = {454--464},
  language = {english}
}

@ARTICLE{Lyapunov,
  author = {Ляпунов, А. А. and Яблонский, С. В.},
  title = {Теоретические проблемы кибернетики},
  journal = {Проблемы кибернетики},
  year = {1963},
  number = {9},
  pages = {5--22},
  language = {russian}
}

@ARTICLE{Zorin:2014,
  author = {Зорин, А.В.},
  title = {Кибернетическая модель циклического управления конфликтными потоками с последействием},
  journal = {Учен. зап. Казан. ун-та. Сер. Физ.-матем. науки},
  year = {2014},
  volume = {156},
  number = {3},
  pages = {66-75},
   language = {russian}
}

@ARTICLE{Zorin:2017,
  author = {Зорин, А. В.},
  title = {Исследование операций обслуживания конфликтных потоков Пуассона по алгоритму с петлей},
  journal = {Проблемы теоретической кибернетики: XVIII международная конференция (Пенза, 19–23 июня 2017 г.) : Материалы : Под редакцией Ю. И. Журавлева},
  address = {М.},
  publisher = {МАКС Пресс},
  year = {2017},
  pages = {100--103},
   language = {russian}
}

@BOOK{ZorineDissertation,
  author = {Зорин, А. В.},
  title = {Теория конфликтных систем обслуживания при их функционально-статистическом задании: дис. ... д.~физ.-мат. наук: 01.01.05},
  address = {Москва},
  year = {2016},
  numpages = {351},
  language = {russian}
}


@inproceedings{Novgorod:2011,
  author = {Федоткин, М. А. and Рачинская, М. А.},
  title = {Изучение математической модели трафика автомобилей на основе подхода Ляпунова-Яблонского},
  booktitle = {\textit{Сборник научных статей XVI Международной конференции <<Проблемы теоретической кибернетики>>}},
  publisher = {ННГУ},
  address  = {Н. Новгород},
  year = {2011},
  pages = {508--512},
  language = {russian},
}

@BOOK{Zorine:2013,
  author = {Зорин, А.В. and Федоткин, М.А.},
  title = {Методы Монте-Карло для параллельных вычислений:
Учебное пособие},
  publisher = {Издательство Московского университета},
  address  = {М.:},
  year = {2013},
  numpages = {192},
  language = {russian}
}

@inproceedings{FedotkinRachinskaya,
  author = {Fedotkin, M. A. and Rachinskaya, M. A.},
  title = {Parameters estimator of the probabilistic model of
moving batches traffic flow},
  booktitle = {\textit{Distributed computer and communication networks. 17th international conference, DCCN 2013, Moscow, Russia, October 7-10, 2013. Revised Selected Papers.}},
  year = {2014},
  pages = {154--168},
  language = {english},
}

@BOOK{Fedotkin:2012,
  author = {Федоткин, М.А.},
  title = {Модели в теории вероятностей},
  publisher = {ФИЗМАТЛИТ},
  address  = {М.:},
  year = {2012},
  numpages = {608},
  language = {russian}
}

@ARTICLE{Fedotkin:2009,
  author = {Федоткин, М.А. and Федоткин, А.М.},
  title = {Анализ и оптимизация выходных процессов при
цик лическом управлении конфликтными транспортными потоками Гнеденко~-- Коваленко},
  journal = {Автоматика и
телемеханика},
number = {12},
  year = {2009},
  pages = {92--108},
   language = {russian}
}


@ARTICLE{Davis:1995,
  author = {Davis, J. L. and Massey, B. and Whitt, W.},
  title = {Sensitivity to the service-time distribution in the nonstationary Erlang loss model},
  journal = {Management Science},
  year = {1995},
volume = {41},
number = {6},
pages = {1107--1116},
   language = {english}
}


@ARTICLE{Borovrkov:1964,
  author = {Боровков, А. А.},
  title = {Некоторые предельные теоремы теории массового обслуживания. I},
 journal = {Теория вероятн. и ее примен},
   year = {1964},
  volume = {9},
number = {4},
pages = {608--625},
    language = {russian}
}

@BOOK{Borovrkov:1980,
  author = {Боровков, А. А.},
  title = {Асимптотические методы в теории массового обслуживания},
  address = {М.},
  publisher = {Наука},
  year = {1980},
  numpages = {381},
  language = {russian}
}

@article{Afanasieva:2011,
author = {Афанасьева, Л. Г. and Белорусов, Т. Н.},
title = {Предельные теоремы для систем с нетерпеливыми клиентами в условиях высокой загрузки},
journal = {Теория вероятн. и ее примен},
volume = {56(4)},
pages = {788--796},
year = {2011},
   language = {russian}
}


@ARTICLE{Afanasieva:2008,
  author = {Афанасьева, Л. Г. and Баштова, Е. Е.},
  title = {Предельные теоремы для систем обслуживания с дважды стохастическим пуассоновским потоком (условия высокой загрузки)},
 journal = {Пробл. передачи информ},
   year = {2008},
  volume = {44},
 number = {4},
pages = {72--91},
    language = {russian}
}

@ARTICLE{Whitt:1971,
  author = {Whitt, W.},
  title = {Weak convergence theorems for priority queues: preemptive-resume discipline},
  journal = {J. Appl. Prob},
  year = {1971},
volume = {8},
number = {1},
pages = {74--94},
   language = {english}
}
@ARTICLE{Whitt:1982,
  author = {Whitt, W.},
  title = {On the heavy-traffic limit theorem for $GI|G|\infty$ queues},
  journal = {Adv. Appl. Prob},
  year = {1982},
volume = {14},
number = {1},
pages = {171--190},
   language = {english}
}



@ARTICLE{Loynes:1962,
  author = {Loynes, R. M.},
  title = {The stability of a queue with nonindependent inter-arrival and service times},
 journal = {Proc. Cambridge Philos. Soc},
   year = {1962},
  volume = {58},
 number = {3},
pages = {497--520},
    language = {english}
}
@article{Davis:1972,
author = {Davis,  J. H.},
title = {Encirclement conditions for stability and instability of feedback systems with delays},
journal = {International Journal of Control},
volume = {15},
number = {4},
pages = {793--799},
year  = {1972},
   language = {english}
}
@ARTICLE{Whitt:2014,
  author = {Whitt, W.},
  title = {The steady-state distribution of the $M_t|M|\infty$ queue with a sinusoidal arrival rate function},
  journal = {Oper. Res. Lett},
  year = {2014},
volume = {42},
pages = {311--318},
   language = {english}
}

@ARTICLE{Choudhury:1995,
  author = {Choudhury, G. L. and Whitt, W.},
  title = {Computing transient and steady-state distributions in polling models by numerical transform inversion},
  journal = {IEEE International Conference on Communications, Seattle, WA},
  year = {1995},
pages = {803--809},
   language = {english}
}

@article{Fedotkin:1988,
author = {Федоткин, М. А.},
title = {Оптимальное управление конфликтными потоками и маркированные точечные процессы с выделенной дискретной компонентой, I},
journal = {Литовский математический сборник},
volume = {28},
number = {4},
pages = {784--794},
year  = {1988},
   language = {russian}
}

@article{Fedotkin:1989,
author = {Федоткин, М. А.},
title = {Оптимальное управление конфликтными потоками и маркированные точечные процессы с выделенной дискретной компонентой, II},
journal = {Литовский математический сборник},
volume = {29},
number = {1},
pages = {148--159},
year  = {1989},
   language = {russian}
}

@ARTICLE{Zorin:2008:1,
  author = {Зорин, А. В.},
  title = {Итеративно-мажорантный метод доказательства предельных теорем для процесса обслуживания конфликтных потоков в случайной среде},
  journal = {Вестник Нижегородского университета им. Н.И. Лобачевского},
  year = {2008},
  number = {3},
  pages = {155--159},
   language = {russian}
}

@ARTICLE{Proidakova:2007,
  author = {Пройдакова, Е. В.},
  title = {Необходимые условия существования стационарного распределения выходных потоков в системе с приоритетным направлением},
  journal = {Вестник Нижегородского университета им. Н.И. Лобачевского},
  year = {2007},
  number = {1},
  pages = {167--172},
   language = {russian}
}


@BOOK{LitvakDissertation,
  author = {Литвак, Н. В.},
  title = {Адаптивное управление конфликтными потоками: дис. ... канд. физ.-мат. наук: 05.13.17},
  address = {Нижний Новгород},
  year = {1998},
  numpages = {237},
  language = {russian}
}

@ARTICLE{Zorin:2003,
  author = {Зорин, А.В.},
  title = { О существовании стационарного распределения для
процессов с разделением времени в случайной среде},
  journal = {Массовое обслуживание. Потоки, системы, сети: Материалы международной научной конференции «Современные математические модели анализа и оптимизации телекоммуникационных сетей»},
address = {Мн.:},
publisher ={БГУ},
  year = {2003},
  volume = {17},
  pages = {274--278},
   language = {russian}
}

@ARTICLE{Zorin:2006,
  author = {Зорин, А.В.},
  title = {  О стационарном режиме системы разделения времени с ветвящимися потоками вторичных требований, формируемыми в
случайной среде},
  journal = { Вестник Нижегородского государственного университета им. Н.И. Лобачевского. Серия Математика.},
  year = {2006},
  volume = {1},
  number = {4},
  pages = {38--48},
   language = {russian}
}

@ARTICLE{Zorin:2008:2,
  author = {Зорин, А.В.},
  title = {  Обслуживание конфликтных потоков по алгоритму
с продлением в случайной среде},
  journal = {Теория вероятностей,
случайные процессы, математическая статистика и приложения: сб. науч.
ст. Междунар. науч. конф., Минск, 15–19 сент. 2008 г.},
  year = {2008},
  address = {Минск:},
  publisher = {Изд. центр БГУ},
  pages = {115--122},
   language = {russian}
}

@ARTICLE{Zorin:2009:1,
  author = {Зорин, А.В.},
  title = {Имитационное моделирование процессов обслуживания с разделением времени и переналадками},
  journal = {Труды VIII Международной конференции «Идентификация систем и задачи управления» SICPRO ’09. Москва, 26–29 января 2009 г. Институт проблем управления им. В.А. Трапезникова РАН. М.: Институт проблем управления им. В.А. Трапезникова РАН},
  year = {2009},
  pages = {1105--1137},
   language = {russian}
}

@ARTICLE{Zorin:2009:2,
  author = {Зорин, А.В.},
  title = { Дискретные модели алгоритмического управления
конфликтными потоками},
  journal = { Восьмая международная конференция «Дискретные модели в теории управляющих систем»: Москва,
6–9 апреля 2009 г. Электронный сборник материалов конференции. Отв.
ред. В.Б. Алексеев, В.А. Захаров},
  year = {2009},
  pages = {84--88},
   language = {russian}
}

@ARTICLE{Zorin:2010:1,
  author = {Зорин, А.В.},
  title = {Модель сообщающихся перекрёстков при циклическом
алгоритме управления},
  journal = {Теория вероятностей, математическая статистика и их приложения: сб. науч. ст. (материалы Междунар.
конф. Минск, 22-25 февр. 2010 г.)},
address = {Минск:},
publisher = {РИВШ},
volume = {3},
  year = {2010},
  pages = {114--119},
   language = {russian}
}

@ARTICLE{Zorin:2010:2,
  author = {Зорин, А.В.},
  title = { Два сообщающихся перекрёстка как дискретная
управляющая система},
  journal = {Материалы X Международного
семинара «Дискретная математика и ее приложения» (Москва, МГУ, 1–6
февраля 2010 г.). Под ред. О.М. Касим-Заде.},
address = {М.:},
publisher = {Изд-во Механико-математического факультета МГУ},
 year = {2010},
 pages = {108--111},
 language = {russian}
}

@ARTICLE{Zorin:2011:1,
  author = {Зорин, А.В.},
  title = {Кибернетический подход к построению и анализу математической модели тандема двух перекрёстков},
  journal = {Проблемы теоретической кибернетики. Материалы XVI Международной конференции (Нижний Новгород, 20-25 июня 2011 г.). Под ред. Ю.И. Журавлева.},
 year = {2011},
 pages = {179--183},
 language = {russian}
}

@ARTICLE{Zorin:2011:2,
  author = {Зорин, А.В.},
  title = {Устойчивость тандема систем обслуживания с бернуллиевским немгновенным перемещением требований},
  journal = {Теория вероятностей и математическая статистика},
 year = {2011},
 volume={84},
 pages = {163--176},
 language = {russian}
}
@ARTICLE{Zorin:2013,
  author = {Зорин, А.В.},
  title = {Стохастическая модель сообщающихся систем массового обслуживания с повторными вызовами и циклическим управлением
в случайной среде},
  journal = {Кибернетика и системный анализ},
 year = {2013},
 volume={49},
 number = {6},
 pages = {100--109},
 language = {russian}
}

@ARTICLE{Zorin:2014:1,
  author = {Зорин, А.В.},
  title = {Кибернетическая модель циклического управления
конфликтными потоками с последействием},
  journal = {Проблемы теоретической кибернетики. Материалы XVII международной конференции (Казань, 16–20 июня 2014 г.). Под редакцией Ю.И. Журавлева.},
 year = {2014},
 pages = {112--114},
 language = {russian}
}

@ARTICLE{Zorin:2014:2,
  author = {Зорин, А.В.},
  title = {Кибернетическая модель циклического управления конфликтными потоками с последействием},
  journal = {Учёные записки Казанского университета. Серия: Физико-математические науки},
 year = {2014},
 volume={156},
 number = {3},
 pages = {66--75},
 language = {russian}
}

@ARTICLE{Zorin:2012:1,
  author = {Зорин, А.В.},
  title = {Stochastic model for communicating retrial queueing
systems with cyclic control in random environment },
  journal = {International
conference «Modern stochastics: theory and applications III». Kyiv,
September 10–14, 2012. Conference materials},
address={Kyiv:},
publisher={Kyiv National University},
 year = {2012},
 pages = {70},
 language = {english}
}

@ARTICLE{Zorin:2012:2,
  author = {Zorin, A.V.},
  title = { Stability of a tandem of queueing systems with Bernoulli
noninstantaneous transfer of customers},
  journal = {Theory of probability and mathematical statistics},
volume = {84},
 year = {2012},
 pages = {173--188},
 language = {english}
}

@ARTICLE{Zorin:2014:3,
  author = {Зорин, А.В.},
  title = {On ergodicity conditions in a polling model with Markov
modulated input and state-dependent routing },
  journal = {Queueing systems},
  volume = {76},
  number={2},
 year = {2014},
 pages = {223--241},
 language = {english}
}

@ARTICLE{Zorin:2010:3,
  author = {Zorine, A.V.},
  title = { Stability of a tandem queueing system with delayed
Bernoulli transition of customers},
  journal = {Abstracts of international conference «Modern stochastics: theory and applications II» Dedicated to the anneversaries of prominent Ukranian scientists: Anatolij Skorokhod, Volodymyr Korolyuk and Igor Kovalenko, September 7–11, 2010,
Kyiv, Ukrain},
address = {Kyiv},
publisher = {Kyiv National University},
 year = {2010},
 pages = {76},
 language = {english}
}

@ARTICLE{Dunne:1964,
  author = {Dunne, M. C. and R. B. Potts},
  title = {Algorithm for traffic control},
  journal = {Jr. Oper. Res},
  year = {1964},
  number = {12},
  pages = {870--871},
   language = {english}
}

@ARTICLE{Gordon:1969,
  author = {Gordon, R. L.},
  title = {A technique for control of traffic at critical intersections},
  journal = {Transp. Sci},
  year = {1969},
  volume = {3},
  number = {4},
  pages = {279--288},
   language = {english}
}
@ARTICLE{Vasilakos:1990,
author = {Vasilakos, A. and Moschonas, C. A. and  Paximadis, C. T.},
title = {Adaptive window flow control and learning algorithms for adaptive routing in data networks.},
booktitle = {Sigmetrics Performance Evaluation Review - SIGMETRICS},
year = {1990},
pages = {265--266},
volume = {18},
   language = {english}
}


@ARTICLE{Cotton:1995,
  author = {Cotton, M. and Mason, L. G.},
  title = {Adaptive isarithmic flow control in fast packet switching networks},
  journal = {IEEE Trans. on Communications},
  year = {1995},
  volume = {43},
   pages = {1580--1590},
   language = {english}
}

@ARTICLE{Mason:1999,
  author = {Vazquez-Abad, F. J. and Mason, L. G.},
  title = {Decentralized adaptive flow control of high-speed connectionless data networks},
  journal = {Jr. Oper. Res},
  year = {1999},
  volume = {47},
  number = {6},
  pages = {928--942},
   language = {english}
}

@INBOOK{Kokkonis:2016,
author={Kokkonis, G. and Psannis, K. E. and Roumeliotis, M.},
title={Network adaptive flow control algorithm for haptic data over the internet -- NAFCAH},
booktitle={Genetic and Evolutionary Computing},
year={2016},
publisher={Springer International Publishing},
address={Cham},
pages={93--102},
   language = {english}
}

@BOOK{Simulation,
  author = {Averill, M. L. and Kelton, W. D.},
  title = {Simulation Modeling and Analysis},
  publisher = {McGraw-Hill},
  year = {2000},
  numpages = {760},
  language = {english}
}


@BOOK{AsmussenGlynn,
  author = {Asmussen, S. and Glynn, P.W.},
  title = {Stochastic simulation: algorithms and analysis},
  address = {New York},
  publisher = {Springer},
  year = {2007},
  numpages = {476},
  language = {english}
}

@BOOK{FedotkinADissertation,
  author = {Федоткин, А. М.},
  title = {Моделирование и оптимизация выходных процессов при циклическом управлении конфликтными потоками Гнеденко--Коваленко: дис. ... канд. физ.-мат. наук: 05.13.18},
  address = {Нижний Новгород},
  year = {2010},
  numpages = {150},
  language = {russian}
}

 @ARTICLE{FedotkinRachinskaya:2016,
  author = {Федоткин, М. А. and Рачинская, М. А.},
  title = {Имитационная модель циклического управления конфликтными неординарными пуассоновскими потоками},
  journal = {Вестник Волжской государственной академии водного транспорта},
  year = {2016},
  number = {47},
  pages = {43--51},
  language = {russian},
}


@BOOK{Buslenko:1978,
  author = {Бусленко, Н.П.},
  title = {Моделирование сложных систем},
  year = {1978},
  address={М.},
  publisher={Наука},
numpages={399},
  language = {russian}
}
































































@BOOK{Klimov,
  author = {Климов, Г. П.},
  title = {Стохастические системы обслуживания},
  address = {М.},
  publisher = {Наука},
  year = {1966},
  numpages = {244},
  language = {russian}
}



@BOOK{Vishnevski2005,
  author = {{Вишневский В. М., Ляхов}, А. И. and Портной, С. Л. and Шахнович, И. В.},
  title = {Широкополосные беспроводные сети передачи информации},
  address = {М.},
  publisher = {Техносфера},
  year = {2005},
  numpages = {592},
     language = {russian}
}


@BOOK{Vishnevski2003,
  author = {Вишневский, В. М.},
  title = {Теоретические основы проектирования компьютерных сетей},
  address = {М.},
  publisher = {Техносфера},
  year = {2003},
  numpages = {512},
     language = {russian}
}

@BOOK{Bronshtein1976,
  author = {Бронштейн, О. И. and Духовный, И. М.},
  title = {Модели приоритетного обслуживания в информационно-вычислительных системах},
 address = {М.},
  publisher = {Наука},
  year = {1976},
  numpages = {219},
  language = {russian}
}

@BOOK{Saati,
  author = {Саати, Т. Л.},
  title = {Элементы теории массового обслуживания и ее приложения},
  address = {М.},
  publisher = {Советское радио},
  year = {1971},
  numpages = {520},
  language = {russian}
}
@BOOK{Heit,
  author = {Хейт, Ф.},
  title = {Математическая теория транспортных потоков},
  address = {М.},
  publisher = {Мир},
  year = {1966},
  numpages = {288},
  language = {russian}
}

@BOOK{Kleinrok,
  author = {Клейнрок, Л.},
  title = {Теория массового обслуживания},
  address = {М.},
  publisher = {Машиностроение},
  year = {1979},
  numpages = {432},
  language = {russian}
}




@BOOK{Nazarov1984,
	author = {Назаров, А. А.},
	title = {Управляемые системы массового обслуживания и их оптимизация},
	address = {Томск},
	publisher = {Изд-во Томского госуниверситета},
	year = {1984},
	numpages = {234},
	language = {russian}
}

@BOOK{Kramer,
  author = {Крамер, Г. },
  title = {Математические методы статистики},
  address = {М.},
  publisher = {Мир},
  year = {1975},
  numpages = {648},
  language = {russian}
}

@BOOK{Kingman,
  author = {Кингман, Дж.},
  title = {Пуассоновские процессы},
  address = {М.},
  publisher = {МЦНМО},
  year = {2007},
  numpages = {136},
  language = {russian}
}

@BOOK{Feller1,
  author = {Феллер, В. },
  title = {Введение в теорию вероятностей и ее приложения},
  address = {М.},
  publisher = {Мир},
  year = {1967},
  volume = {1},
  numpages = {499},
  language = {russian}
}



@BOOK{Chzhun,
  author = {Чжун, Кай-Лай},
  title = {Однородные цепи Маркова},
  address = {М.},
  publisher = {Мир},
  year = {1964},
  numpages = {425},
  language = {russian}
}

@BOOK{Shiryaev,
  author = {Ширяев, А. Н.},
  title = {Вероятность},
  address = {М.},
  publisher = {Наука},
  year = {1980},
  numpages = {576},
  language = {russian}
}

@BOOK{KantorovichKrylov,
  author = {Канторович, Л. В. and Крылов, В. И.},
  title = {Приближенные методы высшего анализа},
  address = {Л.},
  publisher = {Физматгиз},
  year = {1962},
  numpages = {708},
  language = {russian}
}



@BOOK{Zaks,
  author = {Закс, Л.},
  title = {Статистическое оценивание},
  address = {М.},
  publisher = {Статистика},
  year = {1976},
  numpages = {600},
  language = {russian}
}

@BOOK{Ivchenko,
  author = {Ивченко, Г. И. and Медведев, Ю. И.},
  title = {Математическая статистика},
  address = {М.},
  publisher = {Высшая школа},
  year = {1984},
  numpages = {248},
  language = {russian}
}

@BOOK{Ivazyan,
  author = {Айвазян, С. А. and Енюков, И. С. and Мешалкин, Л. Д.},
  title = {Прикладная статистика: Основы моделирования и первичная обработка данных},
  address = {М.},
  publisher = {Финансы и статистика},
  year = {1983},
  numpages = {472},
  language = {russian}
}



% ГОСТ Р 7.0.11-2011, Приложение Б, Диссертации


@BOOK{ProidakovaDissertation,
  author = {Пройдакова, Е. В.},
  title = {Анализ выходных потоков управляющих процессов обслуживания: дис. ... канд. физ.-мат. наук: 01.01.09},
  address = {Нижний Новгород},
  year = {2008},
  numpages = {279},
  language = {russian}
}





% ГОСТ Р 7.0.11-2011, Приложение Б, Статьи
@ARTICLE{Johannsen,
  author = {Johannsen, F. W.},
  title = {Waiting times and number of calls},
  journal = {P.O. Elec. Engrs. J},
  year = {1907},
  note = {reprinted October, 1910, and January, 1911},
  language = {english}
}

@ARTICLE{Erlang:1909,
  author = {Erlang, A. K.},
  title = {The theory of probabilities and telephone conversations},
  journal = {Nyt Tidsskrift for Matematik},
  year = {1909},
  volume = {20},  
  pages = {33--39},
  language = {english}
}

@ARTICLE{Erlang:1917,
  author = {Erlang, A. K.},
  title = {Solution of some problems in the theory of probabilities of significance
in automatic telephone exchanges},
  journal = {Elektroteknikeren},
  year = {1917},
  volume = {13},  
  pages = {5--13},
  language = {english}
}

@ARTICLE{Kendall,
  author = {Kendall, D. G.},
  title = {Some problems in the theory of queues},
  journal = {J. Roy. Statist. Soc. Ser. B},
  year = {1951},
  volume = {13},
  number = {2},
  pages = {151--185},
   language = {english}
}

@ARTICLE{Palm,
  author = {Palm, С.},
  title = {Intensitätsschwankungen in Fernsprechverkehr},
  journal = {Ericsson Technics},
  year = {1943},
  volume = {1},
  number = {44},
  pages = {1--189},
   language = {english}
}
@ARTICLE{Basharin,
  author = {Башарин, Г.  П.},
  title = {Теоретико-вероятностное исследование двухкаскадной телефонной системы с отказами, работающей в режиме свободного искания},
  journal = {Докл. АН СССР},
  year = {1958},
volume = {121},
  number = {1},
  pages = {101--104},
   language = {russian}
}
@ARTICLE{Buslenko:1961,
  author = {Бусленко, Н. П.},
  title = {Решение задач теории массового обслуживания мето­дом моделирования на электронных цифровых вычислительных маши­нах},
  journal = {Cб. Проблемы передачи информации},
  year = {Вып. 9 "--- 1961},
   pages = {48--69},
   language = {russian}
}




@ARTICLE{Vorobiev1967,
  author = {Воробьев, Н. М.},
  title = {Об управлении системой массового обслуживания одного вида},
  journal = {Изв. АН СССР. Техническая кибернетика},
  year = {1967},
  number = {3},
  pages = {86--93},
   language = {russian}
}

@ARTICLE{Pittel1972,
  author = {Питтель, Б. Г.},
  title = {Оптимальное управление в системе массового обслуживания с не­сколькими потоками требований},
  journal = {Изв. АН СССР. Техническая кибернетика},
  year = {1972},
  number = {6},
  pages = {101--116},
   language = {russian}
}



@ARTICLE{Klimov1966,
  author = {Климов, А. Ф. and Ушаков, И. А.},
  title = {Одна задача выбора оптимальной дисциплины обслуживания},
  journal = {Изв. АН СССР. Техн. кибернетика},
  year = {1966},
  number = {2},
  pages = {40--44},
   language = {russian}
}

@ARTICLE{Gorcev2013,
  author = {Горцев, А. М. and Голофастова, М. Н.},
  title = {Оптимальная оценка состояний моделированного синхронного дважды стохастического потока событий},
  journal = {Вестник Томского государственного университета. Управление, вычислительная техника и информатика},
  year = {2013},
  number = {2(23)},
  pages = {42--53},
   language = {russian}
}


@ARTICLE{Kredepcer1970,
  author = {Кредепцер, Б. П.},
  title = {Об оптимальной загрузке двухприоритетной системы с ожиданием},
  journal = {Автомат. и телемех},
  year = {1970},
  number = {9},
  pages = {145--150},
   language = {russian}
}














@ARTICLE{Cruz2014,
  author = {Cruz, F. R. B.  and van Woensel, T.},
  title = {Finite queueing modeling and optimization: a selected review},
  journal = {J. Appl. Math},
  year = {2014},
volume = {2014},
  numpages = {56},
  note = {Article ID 374962},
   language = {english}
}


@ARTICLE{Babicheva2015,
  author = {Babicheva, T. S.},
  title = {The use of queuing theory at research and optimization of traffic on the signal-controlled road intersections},
  journal = {Procedia Computer Science: Information Technology and Quantitative Management (ITQM 2015)},
  year = {2015},
volume = {55},
  pages = {469--478},
  language = {english}
}






@ARTICLE{Golysheva2010,
  author = {Голышева, Н. М.},
  title = {Построение и исследование математической модели управления потоками в классе алгоритмов с дообслуживанием},
  journal = {Вестник Нижегородского университета им. Н.И. Лобачевского},
  year = {2010},
  number = {6},
  pages = {164--171},
   language = {russian}
}







@ARTICLE{Day2012,
  author = {{Day C. M., Bullock, D. M, Nichols}, A. P. and Brennan Jr., T. M. and Chou, Ch.-Sh.},
  title = {Integrated adaptive and traffic responsive algorithms},
  journal = {Procedia -- Social and Behavioral Sciences},
  year = {2012},
  volume = {48},
  pages = {3451--3460},
   language = {english}
}


@article{Huang2015,
author = {Huang, J. and Carmeli, B. and Mandelbaum, A.},
title = {Control of patient flow in emergency departments, or multiclass queues with deadlines and feedback},
journal = {Oper. Res},
volume = {63},
number = {4},
pages = {892--908},
year = {2015},
   language = {english}
}

































@ARTICLE{Lanin1972,
  author = {Ланин, М. И. and Шварц, Л. Б.},
  title = {Об оптимизации приоритетов в одно­линейной системе массового обслуживания с потерями},
  journal = {Автомат. и телемех},
  year = {1972},
  number = {5},
  pages = {163--168},
   language = {russian}
}

@ARTICLE{Takacs,
  author = {Такач, Л.},
  title = {Некоторые вероятностные задачи в телефонии},
  journal = {Математика. Период сб. перев. ин. статей},
  year = {1960},
  number = {6},
  pages = {93--144},
   language = {russian}
}

@ARTICLE{Sevastitanov1969,
  author = {Севастьянов, Б. А.},
  title = {Формулы Эрланга в телефонии при произвольном законе распределения длительности разговора},
  journal = {Тр. 3-го Всес. матем.  съезда},
  year = {1969},
  pages = {68--70},
   language = {russian}
}

@ARTICLE{Bailey1952,
  author = {Bailey, N. T. J.},
  title = {Study of queues and appointment systems in outpatient departments with special reference waiting times},
  journal = {J. Roy. Statist. Soc},
  year = {1952},
   pages = {185--199},
   language = {english}
}


@ARTICLE{Bailey1954,
  author = {Bailey, N. T. J.},
  title = {Queueing for medical care},
  journal = {Appl. Statist},
  year = {1954},
  volume = {3},
  number = {2},
  pages = {137--145},
   language = {english}
}


@ARTICLE{Foster1961,
  author = {Foster, F. G.},
  title = {Queues with batch arrivals. I},
  journal = {Acta math. Acad. scient. hung},
  year = {1964},
  volume = {12},
  number = {1--2},
  pages = {1--10},
   language = {english}
}

@ARTICLE{Haight1964,
  author = {Haight, F. A.},
  title = {Annotated bibliography of scientific research in road traffic and safety},
  journal = {Operat. Res},
  year = {1964},
  volume = {12},
  number = {6},
  pages = {976--1039},
   language = {english}
}

@ARTICLE{Helly1964,
  author = {Helly, W.},
  title = {Two stochastic traffic systems whose service times increase with occupancy},
  journal = {Operat. Res},
  year = {1964},
  volume = {12},
  number = {6},
  pages = {951--963},
   language = {english}
}

@ARTICLE{Brigham1955,
  author = {Brigham, G.},
  title = {On a congestion problem in an aircraft factory},
  journal = {J. Operat. Res. Soc. Amer},
  year = {1955},
  number = {3},
  pages = {412--428},
   language = {english}
}

@ARTICLE{Mishkoi2008,
  author = {{Мишкой Г. К., Рыков}, В. В. and Джиордано, С. and Бежан, А. Ю.},
  title = {Многомерные аналоги уравнения Кендалла для приоритетных систем: вычислительные аспекты},
  journal = {Автомат. и телемех},
  year = {2008},
  number = {6},
  pages = {82--95},
   language = {russian}
}

@ARTICLE{Leontiev2016,
  author = {Леонтьев, Н. Д. and Ушаков, В. Г.},
  title = {Анализ системы обслуживания с входящим потоком авторегрессионного типа и относительным приоритетом},
  journal = {Информ. и еë примен},
  year = {2016},
  number = {10:3},
  pages = {15--22},
   language = {russian}
}

@ARTICLE{Ushakov2012,
  author = {Ушаков, А. В.},
  title = {О длине очереди в системе $HM|G|1|\infty$ с абсолютным приоритетом и потерей прерванного требования},
  journal = {Вестник ТвГУ. Серия: Прикладная математика},
  year = {2012},
  number = {4},
  pages = {7--15},
   language = {russian}
}

@ARTICLE{Monsik2010,
  author = {Монсик, В. Б. and Скрынников, А. А. and Федотов, А. Ю.},
  title = {Система массового обслуживания с групповым обслуживанием неординарного потока требований},
  journal = {Научный вестник МГТУ ГА},
  year = {2010},
  number = {157},
  pages = {42--50},
   language = {russian}
}

@ARTICLE{Monsik2009,
  author = {Монсик, В. Б. and Скрынников, А. А. and Федотов, А. Ю.},
  title = {Показатели эффективности функционирования системы массового обслуживания с неординарным входным потоком заявок в нестационарном режиме работы},
  journal = {Научный вестник МГТУ ГА},
  year = {2010},
  number = {145},
  pages = {113--118},
   language = {russian}
}

@ARTICLE{Afanasieva2012,
  author = {Афанасьева, Л. Г. and Руденко, И. В.},
  title = {Системы обслуживания $GI|G|\infty$ и их приложения к анализу траспортных моделей},
  journal = {Теория вероятностей и ее применения},
  year = {2012},
  volume = {57},
  number = {3},
  pages = {427--452},
   language = {russian}
}


@ARTICLE{Fedotkin2012,
  author = {Федоткин, А. М.},
  title = {Нелокальное описание входных потоков неоднородных требований},
  journal = {Вестник Нижегородского университета им. Н.И. Лобачевского},
  year = {2012},
  number = {4(1)},
  pages = {211--216},
   language = {russian}
}


@ARTICLE{Fedotkin2013,
  author = {Федоткин, А. М. and Федоткин, А. А.},
  title = {Исследование реализации транспортного потока Бартлетта},
  journal = {Вестник Нижегородского университета им. Н.И. Лобачевского},
  year = {2013},
  number = {3(1)},
  pages = {195--198},
   language = {russian}
}




@ARTICLE{Kendall1952,
  author = {Kendall, D. G.},
  title = {Les processus stochastic de croissance en biologie},
  journal = {Ann. Inst. H. Poincare},
  year = {1952},
  volume = {13},
  pages = {43--108},
   language = {english}
}

@ARTICLE{Albrecher2011,
  author = {{Albrecher H., Borst}, S. C. and Boxma, O. J. and Resing, J.},
  title = {Ruin excursions, the $G|G|\infty$ queue and tax payments in renewal risk models},
  journal = {J. Appl. Prob},
  year = {2011},
  volume = {48A},
  pages = {3--14},
   language = {english}
}

@ARTICLE{Gideon1999,
  author = {Gideon, R. and Pyke, R.},
  title = {Markov renewal modelling of Poisson traffic at intersections having separate turn lanes},
  journal = {Semi-Markov Models and Applications. Dordrecht: Kluwer Acad. Publ},
  year = {1999},
  pages = {285--310},
   language = {english}
}

@ARTICLE{Abolnikov2007,
  author = {Abolnikov, L. and Dshalalow, J. and Dukhovny, A.},
  title = {On stochastic processes in a multilevel control bulk queueing system},
  journal = {Stoch. Annal. Appl},
  year = {2007},
volume = {10},
  number = {2},
  pages = {155-179},
   language = {english}
}

@ARTICLE{Lucantoni1993,
  author = {Lucantoni, D. M. and Choudhury, G. L. and Whitt W.},
  title = {The transient $BMAP|G|1$ queue},
  journal = {Stoch. Models},
  year = {1993},
   language = {english}
}

@ARTICLE{Lucantoni1990,
  author = {Lucantoni, D. M. and Meier-Hellstern, K. S. and Neuts, M. F.},
  title = {A single server queue with server vacations and a class of non-renewal arrival processes},
  journal = {Adv. Appl. Prob},
  year = {1990},
volume = {22},
number = {3},
pages = {676--705},
   language = {english}
}



@ARTICLE{Asmussen1993,
  author = {Asmussen, S. and Koole, G.},
  title = {Marked point processes as limits of Markovian arrival streams},
  journal = {J. Appl. Prob},
  year = {1993},
volume = {30},
pages = {365--372},
   language = {english}
}

















@ARTICLE{Dudin2001,
  author = {Artalejo, J. R. and Dudin, A. N. and Klimenok, V. I.},
  title = {Stationary analysis of a retrial queue with preemptive repeated attempts},
  journal = {Operations Research Letters},
  year = {2001},
volume = {28},
number = {4},
pages = {173--180},
   language = {english}
}




@article{Nazarov2011,
author = {Назаров, А. А. and Судыко, Е. А.},
title = {Условия существования стационарного режима  в немарковских RQ-системах с конфликтами заявок},
journal = {Известия Томского политехнического университета},
volume = {318},
number = {5},
pages = {166--168},
year  = {2011},
   language = {russian}
}




@ARTICLE{Milovanova2009,
  author = {Милованова, Т. А.},
  title = {Система $BMAP|G|1|\infty$ с инверсионным порядком обслуживания и вероятностным приоритетом},
  journal = {Автомат. и телемех},
  year = {2009},
  number = {5},
  pages = {155-168},
   language = {russian}
}

@ARTICLE{Bocharov1997,
  author = {Бочаров, П. П. and Фонг, Н. Х.},
  title = {Анализ систем массового обслуживания $MAP_2|G_2|1|r$ с абсолютным приоритетом},
  journal = {Автомат. и телемех},
  year = {1997},
  number = {11},
  pages = {102--117},
   language = {russian}
}


@ARTICLE{Kovalenko1968,
  author = {Коваленко, И. Н.},
  title = {Об одной задаче, связанной с оптимальной об­работкой информации системой массового обслуживания},
  journal = {Изв. АН СССР. Техн. кибернетика},
  year = {1968},
  number = {5},
  pages = {75--79},
   language = {russian}
}


@ARTICLE{Pechinkin1990,
  author = {Печинкин, А. В.},
  title = {Система с абсолютными непрерывными приоритетами и неординарным входящим потоком},
  journal = {Автомат. и телемех},
  year = {1990},
  number = {10},
  pages = {116--125},
   language = {russian}
}

@ARTICLE{Volkovinski19891,
  author = {Волковинский, М. И.},
  title = {Системы приоритетного обслуживания с переменными параметрами.  I. Абсолютный приоритет},
  journal = {Автомат. и телемех},
  year = {1989},
  number = {7},
  pages = {120--126},
   language = {russian}
}

@ARTICLE{Volkovinski19892,
  author = {Волковинский, М. И.},
  title = {Системы приоритетного обслуживания с переменными параметрами. II. Относительный приоритет},
  journal = {Автомат. и телемех},
  year = {1989},
  number = {8},
  pages = {81--88},
   language = {russian}
}

@ARTICLE{Ushakov1977,
  author = {Ушаков, В. Г.},
  title = {Система обслуживания с эрланговским входящим потоком и относительным приоритетом},
  journal = {Теория вероятн. и ее примен},
  year = {1977},
  number = {22:4},
  pages = {860--866},
   language = {russian}
}

@ARTICLE{Bronshtein1971,
  author = {Бронштейн, О. И. and Розенталь, Г. О.},
  title = {Приоритетная система обслуживания с зонами прерываний},
  journal = {Автомат. и телемех},
  year = {1971},
  number = {7},
  pages = {162--168},
   language = {russian}
}


@ARTICLE{Duhovny1969,
  author = {Духовный, И. М.},
  title = {Однолинейная система обслуживания с чередованием приоритетов},
  journal = {Пробл. передачи информ},
  year = {1969},
  number = {5:2},
  pages = {61--71},
   language = {russian}
}

@ARTICLE{Dudin2015,
  author = {Дудин, С. А. and Дудин, О. С.},
  title = {Многоканальная система обслуживания с марковским входным потоком нетерпеливых запросов, функционирующая в случайной среде},
  journal = {Информатика},
  year = {2015},
  number = {1},
  pages = {45--55},
   language = {russian}
}

@ARTICLE{Zorin2005,
  author = {Зорин, А. В.},
  title = {О периоде занятости системы с дважды стохастическим входным потоком},
  journal = {Вестник Нижегородского университета им. Н.И. Лобачевского. Серия: Математика},
  year = {2005},
  number = {1},
  pages = {43--53},
   language = {russian}
}


@ARTICLE{Natan1966,
  author = {Натан, А. А.},
  title = {Статистический отбор заявок при массовом обслужива­нии с отказами},
  journal = {Изв. АН СССР. Техн. кибернетика},
  year = {1966},
  number = {1},
  pages = {27--10},
   language = {russian}
}

@ARTICLE{Kovalenko1971,
  author = {Коваленко, И. Н. and Юркевич, О. М.},
  title = {О некоторых вопросах оптимального обслужи­вания требований в системах с ограниченным временем ожидания},
  journal = {Изв. АН СССР. Техн. кибернетика},
  year = {1971},
  number = {1},
  pages = {26--35},
   language = {russian}
}

@ARTICLE{Nazarov2010,
  author = {Назаров, А. А. and Лапатин, И. Л.},
  title = {Асимптотически пуассоновские MAP-потоки},
  journal = {Вестник Томского государственного университета. Управление, вычислительная техника и информатика},
  year = {2010},
  number = {4(13)},
  pages = {72--78},
   language = {russian}
}


@ARTICLE{Moiseev2013,
  author = {Моисеев, А. Н. and Назаров, А. А.},
  title = {Исследование высокоинтенсивного MAP-потока},
  journal = {Изв. Томского политехнического университета},
  year = {2013},
  volume = {322},
  number = {2},
  pages = {16--18},
   language = {russian}
}



@ARTICLE{Vishnevsi2017,
  author = {Вишневский, В. М. and Дудин, А. Н.},
  title = {Системы массового обслуживания с коррелированными входными потоками и их применения для моделирования телекоммуникационных сетей},
  journal = {Автомат. и телемех},
  year = {2017},
  number = {8},
  pages = {3--59},
   language = {russian}
}

@ARTICLE{Golovko2009,
  author = {Головко, Н. И. and Каретник, В. О. and Пелешок, О. В.},
  title = {СМО с бесконечным накопителем и скачкообразной интенсивностью входного потока},
  journal = {Автомат. и телемех},
  year = {2009},
  number = {10},
  pages = {75--96},
   language = {russian}
}


@ARTICLE{Breiman1963,
  author = {Breiman, L.},
  title = {The Poisson tendency in traffic distribution},
  journal = {Ann. Math. Statistics},
  year = {1963},
  volume = {34},
  number = {1},
  pages = {308--311},
   language = {english}
}


@ARTICLE{Eisen1962,
  author = {Eisen, M.},
  title = {On switching problems requiring queueing theory in computer-based systems},
  journal = {IRE Trans. Commun. Syst},
  year = {1962},
  volume = {10},
  number = {3},
  pages = {299--303},
   language = {english}
}

@ARTICLE{Finch1959,
  author = {Finch P. D.},
  title = {Cyclic queues with feedback},
  journal = {J. Roy. Statist. Soc},
  year = {1959},
  volume = {21},
  number = {1},
  pages = {153--157},
   language = {english}
}


@ARTICLE{Yablonski,
  author = {Яблонский, С. В.},
  title = {Основные понятия кибернетики},
  journal = {Проблемы кибернетики},
  year = {1959},
  number = {2},
  pages = {7--39},
  language = {russian}
}

@INBOOK{FedotkinNonlocal,
  author = {Федоткин, М. А.},
  title = {Неполное описание потоков неоднородных требований},
  booktitle = {Теория  массового  обслуживания},
  publisher = {МГУ,  ВНИИСИ},
  address  = {М.},
  year = {1981},
  pages = {113--118},
  language = {russian}
}

@ARTICLE{MersenneTwister,
  author = {Matsumoto, M. and Nishimura, T.},
  title = {Dynamic creation of pseudorandom number generators},
  journal = {Monte Carlo and Quasi-Monte Carlo Methods 1998},
  publisher = {Springer--Verlag},
  year = {2000},
  pages = {56--69},
  language = {english}
}


@inproceedings{DCCN2016:NAZAROV,
  author = {Nazarov, A.A. and Paul, S.V},
  title = {  A ciclic queueing system with priority customers and T-strategy of service},
  booktitle = {\textit{	Распределенные компьютерные и телекоммуникационные сети: управление, вычисление, связь (DCCN-2016). Материалы Девятнадцатой международной научной конференции: в 3 томах, под общей редакцией В. М. Вишневского и К. Е. Самуйлова}},
  publisher = {РУДН},
  address  = {М.},
  year = {2016},
  pages = {136--143},
  language = {russian},
}

@inproceedings{Saratov,
  author = {Гуркова, В. М. and Заварзин, А. С. and Осипов, О. А.},
  title = {Задача распределения нагрузки в сети массового обслуживания с делением и слиянием требований },
  booktitle = {\textit{Информационные технологии и математическое моделирование (ИТММ-2019). Материалы XVIII Международной конференции имени А.Ф. Терпугова (26 июня -- 30 июня 2019 г.)}},
  publisher = {Изд-во НТЛ},
  address  = {Томск},
  year = {2019},
  part = {2},
  pages = {149--152},
  language = {russian},
}



@ARTICLE{Holland:1,
  author = {van Leeuwaarden J. S. H. },
  title = {Delay analysis for the fixed-cycle traffic-light queue },
  journal = {Transportation science},
  year = {2006},
  volume = {40},
  number = {2},
  pages = {189--199},
  language = {english}
}


@ARTICLE{Holland:2,
  author = {Boon, M.A.A. and et~al.},
  title = {Pollaczek contour integrals for the fixed-cycle traffic-light queue},
  journal = {Queueing Systems},
  year = {2019},
  volume = {91},
  number = {1--2},
  pages = {89--111},
  language = {english}
}

@ARTICLE{Holland:3,
  author = {Oblakova, A. and et al.},
  title = {Exact expected delay and distribution for the fixed-cycle traffic-light model and similar systems in explicit form},
  journal = {Memorandum Faculty of Mathematical Sciences University of Twente},
  year = {2016},
  volume = {2056},
  language = {english}
}

@ARTICLE{Holland:4,
  author = {Boon, M.A.A. and van Leeuwaarden, J.S.H. },
  title = {Networks of fixed-cycle intersections },
  journal = {Transportation Research Part B: Methodological},
  year = {2018},
  volume = {117},
  pages = {254--271},
  language = {english}
}




